%YAML 1.1
%TAG !u! tag:unity3d.com,2011:
--- !u!1 &7986389269899290353
GameObject:
  m_ObjectHideFlags: 0
  m_CorrespondingSourceObject: {fileID: 0}
  m_PrefabInstance: {fileID: 0}
  m_PrefabAsset: {fileID: 0}
  serializedVersion: 6
  m_Component:
  - component: {fileID: 915943769901362381}
  - component: {fileID: 1361496833246535515}
  m_Layer: 0
  m_Name: coin x10
  m_TagString: Coin
  m_Icon: {fileID: 0}
  m_NavMeshLayer: 0
  m_StaticEditorFlags: 0
  m_IsActive: 1
--- !u!4 &915943769901362381
Transform:
  m_ObjectHideFlags: 0
  m_CorrespondingSourceObject: {fileID: 0}
  m_PrefabInstance: {fileID: 0}
  m_PrefabAsset: {fileID: 0}
  m_GameObject: {fileID: 7986389269899290353}
  m_LocalRotation: {x: 0, y: 0, z: 0, w: 1}
  m_LocalPosition: {x: -1, y: 0, z: 0}
  m_LocalScale: {x: 1, y: 1, z: 1}
  m_Children:
  - {fileID: 2031509819969918378}
  - {fileID: 3295448880053762503}
  - {fileID: 2411742190735625535}
  - {fileID: 4225151500620512819}
  - {fileID: 3792400555599835027}
  - {fileID: 6627424910516474427}
  - {fileID: 1453151711806751939}
  - {fileID: 8106436048084573795}
  - {fileID: 4364251173220959386}
  - {fileID: 1813560550802326000}
  m_Father: {fileID: 0}
  m_RootOrder: 0
  m_LocalEulerAnglesHint: {x: 0, y: 0, z: 0}
--- !u!114 &1361496833246535515
MonoBehaviour:
  m_ObjectHideFlags: 0
  m_CorrespondingSourceObject: {fileID: 0}
  m_PrefabInstance: {fileID: 0}
  m_PrefabAsset: {fileID: 0}
  m_GameObject: {fileID: 7986389269899290353}
  m_Enabled: 1
  m_EditorHideFlags: 0
  m_Script: {fileID: 11500000, guid: 481e210a14099b247a516409d51e1c71, type: 3}
  m_Name: 
  m_EditorClassIdentifier: 
--- !u!1001 &1185876067967832377
PrefabInstance:
  m_ObjectHideFlags: 0
  serializedVersion: 2
  m_Modification:
    m_TransformParent: {fileID: 915943769901362381}
    m_Modifications:
    - target: {fileID: 315170370881721850, guid: 6ba8c5f7c19f75c49b9362bb3b6984e6,
        type: 3}
      propertyPath: m_RootOrder
      value: 6
      objectReference: {fileID: 0}
    - target: {fileID: 315170370881721850, guid: 6ba8c5f7c19f75c49b9362bb3b6984e6,
        type: 3}
      propertyPath: m_LocalPosition.x
      value: 0
      objectReference: {fileID: 0}
    - target: {fileID: 315170370881721850, guid: 6ba8c5f7c19f75c49b9362bb3b6984e6,
        type: 3}
      propertyPath: m_LocalPosition.y
      value: 2.7
      objectReference: {fileID: 0}
    - target: {fileID: 315170370881721850, guid: 6ba8c5f7c19f75c49b9362bb3b6984e6,
        type: 3}
      propertyPath: m_LocalPosition.z
      value: 0
      objectReference: {fileID: 0}
    - target: {fileID: 315170370881721850, guid: 6ba8c5f7c19f75c49b9362bb3b6984e6,
        type: 3}
      propertyPath: m_LocalRotation.w
      value: 1
      objectReference: {fileID: 0}
    - target: {fileID: 315170370881721850, guid: 6ba8c5f7c19f75c49b9362bb3b6984e6,
        type: 3}
      propertyPath: m_LocalRotation.x
      value: 0
      objectReference: {fileID: 0}
    - target: {fileID: 315170370881721850, guid: 6ba8c5f7c19f75c49b9362bb3b6984e6,
        type: 3}
      propertyPath: m_LocalRotation.y
      value: 0
      objectReference: {fileID: 0}
    - target: {fileID: 315170370881721850, guid: 6ba8c5f7c19f75c49b9362bb3b6984e6,
        type: 3}
      propertyPath: m_LocalRotation.z
      value: 0
      objectReference: {fileID: 0}
    - target: {fileID: 315170370881721850, guid: 6ba8c5f7c19f75c49b9362bb3b6984e6,
        type: 3}
      propertyPath: m_LocalEulerAnglesHint.x
      value: 0
      objectReference: {fileID: 0}
    - target: {fileID: 315170370881721850, guid: 6ba8c5f7c19f75c49b9362bb3b6984e6,
        type: 3}
      propertyPath: m_LocalEulerAnglesHint.y
      value: 0
      objectReference: {fileID: 0}
    - target: {fileID: 315170370881721850, guid: 6ba8c5f7c19f75c49b9362bb3b6984e6,
        type: 3}
      propertyPath: m_LocalEulerAnglesHint.z
      value: 0
      objectReference: {fileID: 0}
    - target: {fileID: 2483920034363229164, guid: 6ba8c5f7c19f75c49b9362bb3b6984e6,
        type: 3}
      propertyPath: m_Name
      value: Moneda (6)
      objectReference: {fileID: 0}
    m_RemovedComponents: []
  m_SourcePrefab: {fileID: 100100000, guid: 6ba8c5f7c19f75c49b9362bb3b6984e6, type: 3}
--- !u!4 &1453151711806751939 stripped
Transform:
  m_CorrespondingSourceObject: {fileID: 315170370881721850, guid: 6ba8c5f7c19f75c49b9362bb3b6984e6,
    type: 3}
  m_PrefabInstance: {fileID: 1185876067967832377}
  m_PrefabAsset: {fileID: 0}
--- !u!1001 &1760602488691769424
PrefabInstance:
  m_ObjectHideFlags: 0
  serializedVersion: 2
  m_Modification:
    m_TransformParent: {fileID: 915943769901362381}
    m_Modifications:
    - target: {fileID: 315170370881721850, guid: 6ba8c5f7c19f75c49b9362bb3b6984e6,
        type: 3}
      propertyPath: m_RootOrder
      value: 0
      objectReference: {fileID: 0}
    - target: {fileID: 315170370881721850, guid: 6ba8c5f7c19f75c49b9362bb3b6984e6,
        type: 3}
      propertyPath: m_LocalPosition.x
      value: -0.5
      objectReference: {fileID: 0}
    - target: {fileID: 315170370881721850, guid: 6ba8c5f7c19f75c49b9362bb3b6984e6,
        type: 3}
      propertyPath: m_LocalPosition.y
      value: 2
      objectReference: {fileID: 0}
    - target: {fileID: 315170370881721850, guid: 6ba8c5f7c19f75c49b9362bb3b6984e6,
        type: 3}
      propertyPath: m_LocalPosition.z
      value: 0
      objectReference: {fileID: 0}
    - target: {fileID: 315170370881721850, guid: 6ba8c5f7c19f75c49b9362bb3b6984e6,
        type: 3}
      propertyPath: m_LocalRotation.w
      value: 1
      objectReference: {fileID: 0}
    - target: {fileID: 315170370881721850, guid: 6ba8c5f7c19f75c49b9362bb3b6984e6,
        type: 3}
      propertyPath: m_LocalRotation.x
      value: 0
      objectReference: {fileID: 0}
    - target: {fileID: 315170370881721850, guid: 6ba8c5f7c19f75c49b9362bb3b6984e6,
        type: 3}
      propertyPath: m_LocalRotation.y
      value: 0
      objectReference: {fileID: 0}
    - target: {fileID: 315170370881721850, guid: 6ba8c5f7c19f75c49b9362bb3b6984e6,
        type: 3}
      propertyPath: m_LocalRotation.z
      value: 0
      objectReference: {fileID: 0}
    - target: {fileID: 315170370881721850, guid: 6ba8c5f7c19f75c49b9362bb3b6984e6,
        type: 3}
      propertyPath: m_LocalEulerAnglesHint.x
      value: 0
      objectReference: {fileID: 0}
    - target: {fileID: 315170370881721850, guid: 6ba8c5f7c19f75c49b9362bb3b6984e6,
        type: 3}
      propertyPath: m_LocalEulerAnglesHint.y
      value: 0
      objectReference: {fileID: 0}
    - target: {fileID: 315170370881721850, guid: 6ba8c5f7c19f75c49b9362bb3b6984e6,
        type: 3}
      propertyPath: m_LocalEulerAnglesHint.z
      value: 0
      objectReference: {fileID: 0}
    - target: {fileID: 2483920034363229164, guid: 6ba8c5f7c19f75c49b9362bb3b6984e6,
        type: 3}
      propertyPath: m_Name
      value: Moneda
      objectReference: {fileID: 0}
    m_RemovedComponents: []
  m_SourcePrefab: {fileID: 100100000, guid: 6ba8c5f7c19f75c49b9362bb3b6984e6, type: 3}
--- !u!4 &2031509819969918378 stripped
Transform:
  m_CorrespondingSourceObject: {fileID: 315170370881721850, guid: 6ba8c5f7c19f75c49b9362bb3b6984e6,
    type: 3}
  m_PrefabInstance: {fileID: 1760602488691769424}
  m_PrefabAsset: {fileID: 0}
--- !u!1001 &2122526374879958026
PrefabInstance:
  m_ObjectHideFlags: 0
  serializedVersion: 2
  m_Modification:
    m_TransformParent: {fileID: 915943769901362381}
    m_Modifications:
    - target: {fileID: 315170370881721850, guid: 6ba8c5f7c19f75c49b9362bb3b6984e6,
        type: 3}
      propertyPath: m_RootOrder
      value: 9
      objectReference: {fileID: 0}
    - target: {fileID: 315170370881721850, guid: 6ba8c5f7c19f75c49b9362bb3b6984e6,
        type: 3}
      propertyPath: m_LocalPosition.x
      value: 0.276
      objectReference: {fileID: 0}
    - target: {fileID: 315170370881721850, guid: 6ba8c5f7c19f75c49b9362bb3b6984e6,
        type: 3}
      propertyPath: m_LocalPosition.y
      value: 1.865
      objectReference: {fileID: 0}
    - target: {fileID: 315170370881721850, guid: 6ba8c5f7c19f75c49b9362bb3b6984e6,
        type: 3}
      propertyPath: m_LocalPosition.z
      value: 0
      objectReference: {fileID: 0}
    - target: {fileID: 315170370881721850, guid: 6ba8c5f7c19f75c49b9362bb3b6984e6,
        type: 3}
      propertyPath: m_LocalRotation.w
      value: 1
      objectReference: {fileID: 0}
    - target: {fileID: 315170370881721850, guid: 6ba8c5f7c19f75c49b9362bb3b6984e6,
        type: 3}
      propertyPath: m_LocalRotation.x
      value: 0
      objectReference: {fileID: 0}
    - target: {fileID: 315170370881721850, guid: 6ba8c5f7c19f75c49b9362bb3b6984e6,
        type: 3}
      propertyPath: m_LocalRotation.y
      value: 0
      objectReference: {fileID: 0}
    - target: {fileID: 315170370881721850, guid: 6ba8c5f7c19f75c49b9362bb3b6984e6,
        type: 3}
      propertyPath: m_LocalRotation.z
      value: 0
      objectReference: {fileID: 0}
    - target: {fileID: 315170370881721850, guid: 6ba8c5f7c19f75c49b9362bb3b6984e6,
        type: 3}
      propertyPath: m_LocalEulerAnglesHint.x
      value: 0
      objectReference: {fileID: 0}
    - target: {fileID: 315170370881721850, guid: 6ba8c5f7c19f75c49b9362bb3b6984e6,
        type: 3}
      propertyPath: m_LocalEulerAnglesHint.y
      value: 0
      objectReference: {fileID: 0}
    - target: {fileID: 315170370881721850, guid: 6ba8c5f7c19f75c49b9362bb3b6984e6,
        type: 3}
      propertyPath: m_LocalEulerAnglesHint.z
      value: 0
      objectReference: {fileID: 0}
    - target: {fileID: 2483920034363229164, guid: 6ba8c5f7c19f75c49b9362bb3b6984e6,
        type: 3}
      propertyPath: m_Name
      value: Moneda (9)
      objectReference: {fileID: 0}
    m_RemovedComponents: []
  m_SourcePrefab: {fileID: 100100000, guid: 6ba8c5f7c19f75c49b9362bb3b6984e6, type: 3}
--- !u!4 &1813560550802326000 stripped
Transform:
  m_CorrespondingSourceObject: {fileID: 315170370881721850, guid: 6ba8c5f7c19f75c49b9362bb3b6984e6,
    type: 3}
  m_PrefabInstance: {fileID: 2122526374879958026}
  m_PrefabAsset: {fileID: 0}
--- !u!1001 &2677266243831765189
PrefabInstance:
  m_ObjectHideFlags: 0
  serializedVersion: 2
  m_Modification:
    m_TransformParent: {fileID: 915943769901362381}
    m_Modifications:
    - target: {fileID: 315170370881721850, guid: 6ba8c5f7c19f75c49b9362bb3b6984e6,
        type: 3}
      propertyPath: m_RootOrder
      value: 2
      objectReference: {fileID: 0}
    - target: {fileID: 315170370881721850, guid: 6ba8c5f7c19f75c49b9362bb3b6984e6,
        type: 3}
      propertyPath: m_LocalPosition.x
      value: 0
      objectReference: {fileID: 0}
    - target: {fileID: 315170370881721850, guid: 6ba8c5f7c19f75c49b9362bb3b6984e6,
        type: 3}
      propertyPath: m_LocalPosition.y
      value: 2.7
      objectReference: {fileID: 0}
    - target: {fileID: 315170370881721850, guid: 6ba8c5f7c19f75c49b9362bb3b6984e6,
        type: 3}
      propertyPath: m_LocalPosition.z
      value: 0
      objectReference: {fileID: 0}
    - target: {fileID: 315170370881721850, guid: 6ba8c5f7c19f75c49b9362bb3b6984e6,
        type: 3}
      propertyPath: m_LocalRotation.w
      value: 1
      objectReference: {fileID: 0}
    - target: {fileID: 315170370881721850, guid: 6ba8c5f7c19f75c49b9362bb3b6984e6,
        type: 3}
      propertyPath: m_LocalRotation.x
      value: 0
      objectReference: {fileID: 0}
    - target: {fileID: 315170370881721850, guid: 6ba8c5f7c19f75c49b9362bb3b6984e6,
        type: 3}
      propertyPath: m_LocalRotation.y
      value: 0
      objectReference: {fileID: 0}
    - target: {fileID: 315170370881721850, guid: 6ba8c5f7c19f75c49b9362bb3b6984e6,
        type: 3}
      propertyPath: m_LocalRotation.z
      value: 0
      objectReference: {fileID: 0}
    - target: {fileID: 315170370881721850, guid: 6ba8c5f7c19f75c49b9362bb3b6984e6,
        type: 3}
      propertyPath: m_LocalEulerAnglesHint.x
      value: 0
      objectReference: {fileID: 0}
    - target: {fileID: 315170370881721850, guid: 6ba8c5f7c19f75c49b9362bb3b6984e6,
        type: 3}
      propertyPath: m_LocalEulerAnglesHint.y
      value: 0
      objectReference: {fileID: 0}
    - target: {fileID: 315170370881721850, guid: 6ba8c5f7c19f75c49b9362bb3b6984e6,
        type: 3}
      propertyPath: m_LocalEulerAnglesHint.z
      value: 0
      objectReference: {fileID: 0}
    - target: {fileID: 2483920034363229164, guid: 6ba8c5f7c19f75c49b9362bb3b6984e6,
        type: 3}
      propertyPath: m_Name
      value: Moneda (2)
      objectReference: {fileID: 0}
    m_RemovedComponents: []
  m_SourcePrefab: {fileID: 100100000, guid: 6ba8c5f7c19f75c49b9362bb3b6984e6, type: 3}
--- !u!4 &2411742190735625535 stripped
Transform:
  m_CorrespondingSourceObject: {fileID: 315170370881721850, guid: 6ba8c5f7c19f75c49b9362bb3b6984e6,
    type: 3}
  m_PrefabInstance: {fileID: 2677266243831765189}
  m_PrefabAsset: {fileID: 0}
--- !u!1001 &3018674554730064957
PrefabInstance:
  m_ObjectHideFlags: 0
  serializedVersion: 2
  m_Modification:
    m_TransformParent: {fileID: 915943769901362381}
    m_Modifications:
    - target: {fileID: 315170370881721850, guid: 6ba8c5f7c19f75c49b9362bb3b6984e6,
        type: 3}
      propertyPath: m_RootOrder
      value: 1
      objectReference: {fileID: 0}
    - target: {fileID: 315170370881721850, guid: 6ba8c5f7c19f75c49b9362bb3b6984e6,
        type: 3}
      propertyPath: m_LocalPosition.x
      value: 0.5
      objectReference: {fileID: 0}
    - target: {fileID: 315170370881721850, guid: 6ba8c5f7c19f75c49b9362bb3b6984e6,
        type: 3}
      propertyPath: m_LocalPosition.y
      value: 2.3
      objectReference: {fileID: 0}
    - target: {fileID: 315170370881721850, guid: 6ba8c5f7c19f75c49b9362bb3b6984e6,
        type: 3}
      propertyPath: m_LocalPosition.z
      value: 0
      objectReference: {fileID: 0}
    - target: {fileID: 315170370881721850, guid: 6ba8c5f7c19f75c49b9362bb3b6984e6,
        type: 3}
      propertyPath: m_LocalRotation.w
      value: 1
      objectReference: {fileID: 0}
    - target: {fileID: 315170370881721850, guid: 6ba8c5f7c19f75c49b9362bb3b6984e6,
        type: 3}
      propertyPath: m_LocalRotation.x
      value: 0
      objectReference: {fileID: 0}
    - target: {fileID: 315170370881721850, guid: 6ba8c5f7c19f75c49b9362bb3b6984e6,
        type: 3}
      propertyPath: m_LocalRotation.y
      value: 0
      objectReference: {fileID: 0}
    - target: {fileID: 315170370881721850, guid: 6ba8c5f7c19f75c49b9362bb3b6984e6,
        type: 3}
      propertyPath: m_LocalRotation.z
      value: 0
      objectReference: {fileID: 0}
    - target: {fileID: 315170370881721850, guid: 6ba8c5f7c19f75c49b9362bb3b6984e6,
        type: 3}
      propertyPath: m_LocalEulerAnglesHint.x
      value: 0
      objectReference: {fileID: 0}
    - target: {fileID: 315170370881721850, guid: 6ba8c5f7c19f75c49b9362bb3b6984e6,
        type: 3}
      propertyPath: m_LocalEulerAnglesHint.y
      value: 0
      objectReference: {fileID: 0}
    - target: {fileID: 315170370881721850, guid: 6ba8c5f7c19f75c49b9362bb3b6984e6,
        type: 3}
      propertyPath: m_LocalEulerAnglesHint.z
      value: 0
      objectReference: {fileID: 0}
    - target: {fileID: 2483920034363229164, guid: 6ba8c5f7c19f75c49b9362bb3b6984e6,
        type: 3}
      propertyPath: m_Name
      value: Moneda (1)
      objectReference: {fileID: 0}
    m_RemovedComponents: []
  m_SourcePrefab: {fileID: 100100000, guid: 6ba8c5f7c19f75c49b9362bb3b6984e6, type: 3}
--- !u!4 &3295448880053762503 stripped
Transform:
  m_CorrespondingSourceObject: {fileID: 315170370881721850, guid: 6ba8c5f7c19f75c49b9362bb3b6984e6,
    type: 3}
  m_PrefabInstance: {fileID: 3018674554730064957}
  m_PrefabAsset: {fileID: 0}
--- !u!1001 &3530512037168265833
PrefabInstance:
  m_ObjectHideFlags: 0
  serializedVersion: 2
  m_Modification:
    m_TransformParent: {fileID: 915943769901362381}
    m_Modifications:
    - target: {fileID: 315170370881721850, guid: 6ba8c5f7c19f75c49b9362bb3b6984e6,
        type: 3}
      propertyPath: m_RootOrder
      value: 4
      objectReference: {fileID: 0}
    - target: {fileID: 315170370881721850, guid: 6ba8c5f7c19f75c49b9362bb3b6984e6,
        type: 3}
      propertyPath: m_LocalPosition.x
      value: 0.703
      objectReference: {fileID: 0}
    - target: {fileID: 315170370881721850, guid: 6ba8c5f7c19f75c49b9362bb3b6984e6,
        type: 3}
      propertyPath: m_LocalPosition.y
      value: 2.662
      objectReference: {fileID: 0}
    - target: {fileID: 315170370881721850, guid: 6ba8c5f7c19f75c49b9362bb3b6984e6,
        type: 3}
      propertyPath: m_LocalPosition.z
      value: 0
      objectReference: {fileID: 0}
    - target: {fileID: 315170370881721850, guid: 6ba8c5f7c19f75c49b9362bb3b6984e6,
        type: 3}
      propertyPath: m_LocalRotation.w
      value: 1
      objectReference: {fileID: 0}
    - target: {fileID: 315170370881721850, guid: 6ba8c5f7c19f75c49b9362bb3b6984e6,
        type: 3}
      propertyPath: m_LocalRotation.x
      value: 0
      objectReference: {fileID: 0}
    - target: {fileID: 315170370881721850, guid: 6ba8c5f7c19f75c49b9362bb3b6984e6,
        type: 3}
      propertyPath: m_LocalRotation.y
      value: 0
      objectReference: {fileID: 0}
    - target: {fileID: 315170370881721850, guid: 6ba8c5f7c19f75c49b9362bb3b6984e6,
        type: 3}
      propertyPath: m_LocalRotation.z
      value: 0
      objectReference: {fileID: 0}
    - target: {fileID: 315170370881721850, guid: 6ba8c5f7c19f75c49b9362bb3b6984e6,
        type: 3}
      propertyPath: m_LocalEulerAnglesHint.x
      value: 0
      objectReference: {fileID: 0}
    - target: {fileID: 315170370881721850, guid: 6ba8c5f7c19f75c49b9362bb3b6984e6,
        type: 3}
      propertyPath: m_LocalEulerAnglesHint.y
      value: 0
      objectReference: {fileID: 0}
    - target: {fileID: 315170370881721850, guid: 6ba8c5f7c19f75c49b9362bb3b6984e6,
        type: 3}
      propertyPath: m_LocalEulerAnglesHint.z
      value: 0
      objectReference: {fileID: 0}
    - target: {fileID: 2483920034363229164, guid: 6ba8c5f7c19f75c49b9362bb3b6984e6,
        type: 3}
      propertyPath: m_Name
      value: Moneda (4)
      objectReference: {fileID: 0}
    m_RemovedComponents: []
  m_SourcePrefab: {fileID: 100100000, guid: 6ba8c5f7c19f75c49b9362bb3b6984e6, type: 3}
--- !u!4 &3792400555599835027 stripped
Transform:
  m_CorrespondingSourceObject: {fileID: 315170370881721850, guid: 6ba8c5f7c19f75c49b9362bb3b6984e6,
    type: 3}
  m_PrefabInstance: {fileID: 3530512037168265833}
  m_PrefabAsset: {fileID: 0}
--- !u!1001 &4093590203410207072
PrefabInstance:
  m_ObjectHideFlags: 0
  serializedVersion: 2
  m_Modification:
    m_TransformParent: {fileID: 915943769901362381}
    m_Modifications:
    - target: {fileID: 315170370881721850, guid: 6ba8c5f7c19f75c49b9362bb3b6984e6,
        type: 3}
      propertyPath: m_RootOrder
      value: 8
      objectReference: {fileID: 0}
    - target: {fileID: 315170370881721850, guid: 6ba8c5f7c19f75c49b9362bb3b6984e6,
        type: 3}
      propertyPath: m_LocalPosition.x
      value: 1.083
      objectReference: {fileID: 0}
    - target: {fileID: 315170370881721850, guid: 6ba8c5f7c19f75c49b9362bb3b6984e6,
        type: 3}
      propertyPath: m_LocalPosition.y
      value: 2.036
      objectReference: {fileID: 0}
    - target: {fileID: 315170370881721850, guid: 6ba8c5f7c19f75c49b9362bb3b6984e6,
        type: 3}
      propertyPath: m_LocalPosition.z
      value: 0
      objectReference: {fileID: 0}
    - target: {fileID: 315170370881721850, guid: 6ba8c5f7c19f75c49b9362bb3b6984e6,
        type: 3}
      propertyPath: m_LocalRotation.w
      value: 1
      objectReference: {fileID: 0}
    - target: {fileID: 315170370881721850, guid: 6ba8c5f7c19f75c49b9362bb3b6984e6,
        type: 3}
      propertyPath: m_LocalRotation.x
      value: 0
      objectReference: {fileID: 0}
    - target: {fileID: 315170370881721850, guid: 6ba8c5f7c19f75c49b9362bb3b6984e6,
        type: 3}
      propertyPath: m_LocalRotation.y
      value: 0
      objectReference: {fileID: 0}
    - target: {fileID: 315170370881721850, guid: 6ba8c5f7c19f75c49b9362bb3b6984e6,
        type: 3}
      propertyPath: m_LocalRotation.z
      value: 0
      objectReference: {fileID: 0}
    - target: {fileID: 315170370881721850, guid: 6ba8c5f7c19f75c49b9362bb3b6984e6,
        type: 3}
      propertyPath: m_LocalEulerAnglesHint.x
      value: 0
      objectReference: {fileID: 0}
    - target: {fileID: 315170370881721850, guid: 6ba8c5f7c19f75c49b9362bb3b6984e6,
        type: 3}
      propertyPath: m_LocalEulerAnglesHint.y
      value: 0
      objectReference: {fileID: 0}
    - target: {fileID: 315170370881721850, guid: 6ba8c5f7c19f75c49b9362bb3b6984e6,
        type: 3}
      propertyPath: m_LocalEulerAnglesHint.z
      value: 0
      objectReference: {fileID: 0}
    - target: {fileID: 2483920034363229164, guid: 6ba8c5f7c19f75c49b9362bb3b6984e6,
        type: 3}
      propertyPath: m_Name
      value: Moneda (8)
      objectReference: {fileID: 0}
    m_RemovedComponents: []
  m_SourcePrefab: {fileID: 100100000, guid: 6ba8c5f7c19f75c49b9362bb3b6984e6, type: 3}
--- !u!4 &4364251173220959386 stripped
Transform:
  m_CorrespondingSourceObject: {fileID: 315170370881721850, guid: 6ba8c5f7c19f75c49b9362bb3b6984e6,
    type: 3}
  m_PrefabInstance: {fileID: 4093590203410207072}
  m_PrefabAsset: {fileID: 0}
--- !u!1001 &4538912845199551433
PrefabInstance:
  m_ObjectHideFlags: 0
  serializedVersion: 2
  m_Modification:
    m_TransformParent: {fileID: 915943769901362381}
    m_Modifications:
    - target: {fileID: 315170370881721850, guid: 6ba8c5f7c19f75c49b9362bb3b6984e6,
        type: 3}
      propertyPath: m_RootOrder
      value: 3
      objectReference: {fileID: 0}
    - target: {fileID: 315170370881721850, guid: 6ba8c5f7c19f75c49b9362bb3b6984e6,
        type: 3}
      propertyPath: m_LocalPosition.x
      value: -0.5
      objectReference: {fileID: 0}
    - target: {fileID: 315170370881721850, guid: 6ba8c5f7c19f75c49b9362bb3b6984e6,
        type: 3}
      propertyPath: m_LocalPosition.y
      value: 2
      objectReference: {fileID: 0}
    - target: {fileID: 315170370881721850, guid: 6ba8c5f7c19f75c49b9362bb3b6984e6,
        type: 3}
      propertyPath: m_LocalPosition.z
      value: 0
      objectReference: {fileID: 0}
    - target: {fileID: 315170370881721850, guid: 6ba8c5f7c19f75c49b9362bb3b6984e6,
        type: 3}
      propertyPath: m_LocalRotation.w
      value: 1
      objectReference: {fileID: 0}
    - target: {fileID: 315170370881721850, guid: 6ba8c5f7c19f75c49b9362bb3b6984e6,
        type: 3}
      propertyPath: m_LocalRotation.x
      value: 0
      objectReference: {fileID: 0}
    - target: {fileID: 315170370881721850, guid: 6ba8c5f7c19f75c49b9362bb3b6984e6,
        type: 3}
      propertyPath: m_LocalRotation.y
      value: 0
      objectReference: {fileID: 0}
    - target: {fileID: 315170370881721850, guid: 6ba8c5f7c19f75c49b9362bb3b6984e6,
        type: 3}
      propertyPath: m_LocalRotation.z
      value: 0
      objectReference: {fileID: 0}
    - target: {fileID: 315170370881721850, guid: 6ba8c5f7c19f75c49b9362bb3b6984e6,
        type: 3}
      propertyPath: m_LocalEulerAnglesHint.x
      value: 0
      objectReference: {fileID: 0}
    - target: {fileID: 315170370881721850, guid: 6ba8c5f7c19f75c49b9362bb3b6984e6,
        type: 3}
      propertyPath: m_LocalEulerAnglesHint.y
      value: 0
      objectReference: {fileID: 0}
    - target: {fileID: 315170370881721850, guid: 6ba8c5f7c19f75c49b9362bb3b6984e6,
        type: 3}
      propertyPath: m_LocalEulerAnglesHint.z
      value: 0
      objectReference: {fileID: 0}
    - target: {fileID: 2483920034363229164, guid: 6ba8c5f7c19f75c49b9362bb3b6984e6,
        type: 3}
      propertyPath: m_Name
      value: Moneda (3)
      objectReference: {fileID: 0}
    m_RemovedComponents: []
  m_SourcePrefab: {fileID: 100100000, guid: 6ba8c5f7c19f75c49b9362bb3b6984e6, type: 3}
--- !u!4 &4225151500620512819 stripped
Transform:
  m_CorrespondingSourceObject: {fileID: 315170370881721850, guid: 6ba8c5f7c19f75c49b9362bb3b6984e6,
    type: 3}
  m_PrefabInstance: {fileID: 4538912845199551433}
  m_PrefabAsset: {fileID: 0}
--- !u!1001 &6892444906783688641
PrefabInstance:
  m_ObjectHideFlags: 0
  serializedVersion: 2
  m_Modification:
    m_TransformParent: {fileID: 915943769901362381}
    m_Modifications:
    - target: {fileID: 315170370881721850, guid: 6ba8c5f7c19f75c49b9362bb3b6984e6,
        type: 3}
      propertyPath: m_RootOrder
      value: 5
      objectReference: {fileID: 0}
    - target: {fileID: 315170370881721850, guid: 6ba8c5f7c19f75c49b9362bb3b6984e6,
        type: 3}
      propertyPath: m_LocalPosition.x
      value: 0
      objectReference: {fileID: 0}
    - target: {fileID: 315170370881721850, guid: 6ba8c5f7c19f75c49b9362bb3b6984e6,
        type: 3}
      propertyPath: m_LocalPosition.y
      value: 2.7
      objectReference: {fileID: 0}
    - target: {fileID: 315170370881721850, guid: 6ba8c5f7c19f75c49b9362bb3b6984e6,
        type: 3}
      propertyPath: m_LocalPosition.z
      value: 0
      objectReference: {fileID: 0}
    - target: {fileID: 315170370881721850, guid: 6ba8c5f7c19f75c49b9362bb3b6984e6,
        type: 3}
      propertyPath: m_LocalRotation.w
      value: 1
      objectReference: {fileID: 0}
    - target: {fileID: 315170370881721850, guid: 6ba8c5f7c19f75c49b9362bb3b6984e6,
        type: 3}
      propertyPath: m_LocalRotation.x
      value: 0
      objectReference: {fileID: 0}
    - target: {fileID: 315170370881721850, guid: 6ba8c5f7c19f75c49b9362bb3b6984e6,
        type: 3}
      propertyPath: m_LocalRotation.y
      value: 0
      objectReference: {fileID: 0}
    - target: {fileID: 315170370881721850, guid: 6ba8c5f7c19f75c49b9362bb3b6984e6,
        type: 3}
      propertyPath: m_LocalRotation.z
      value: 0
      objectReference: {fileID: 0}
    - target: {fileID: 315170370881721850, guid: 6ba8c5f7c19f75c49b9362bb3b6984e6,
        type: 3}
      propertyPath: m_LocalEulerAnglesHint.x
      value: 0
      objectReference: {fileID: 0}
    - target: {fileID: 315170370881721850, guid: 6ba8c5f7c19f75c49b9362bb3b6984e6,
        type: 3}
      propertyPath: m_LocalEulerAnglesHint.y
      value: 0
      objectReference: {fileID: 0}
    - target: {fileID: 315170370881721850, guid: 6ba8c5f7c19f75c49b9362bb3b6984e6,
        type: 3}
      propertyPath: m_LocalEulerAnglesHint.z
      value: 0
      objectReference: {fileID: 0}
    - target: {fileID: 2483920034363229164, guid: 6ba8c5f7c19f75c49b9362bb3b6984e6,
        type: 3}
      propertyPath: m_Name
      value: Moneda (5)
      objectReference: {fileID: 0}
    m_RemovedComponents: []
  m_SourcePrefab: {fileID: 100100000, guid: 6ba8c5f7c19f75c49b9362bb3b6984e6, type: 3}
--- !u!4 &6627424910516474427 stripped
Transform:
  m_CorrespondingSourceObject: {fileID: 315170370881721850, guid: 6ba8c5f7c19f75c49b9362bb3b6984e6,
    type: 3}
  m_PrefabInstance: {fileID: 6892444906783688641}
  m_PrefabAsset: {fileID: 0}
--- !u!1001 &8367808411846478745
PrefabInstance:
  m_ObjectHideFlags: 0
  serializedVersion: 2
  m_Modification:
    m_TransformParent: {fileID: 915943769901362381}
    m_Modifications:
    - target: {fileID: 315170370881721850, guid: 6ba8c5f7c19f75c49b9362bb3b6984e6,
        type: 3}
      propertyPath: m_RootOrder
      value: 7
      objectReference: {fileID: 0}
    - target: {fileID: 315170370881721850, guid: 6ba8c5f7c19f75c49b9362bb3b6984e6,
        type: 3}
      propertyPath: m_LocalPosition.x
      value: -0.5
      objectReference: {fileID: 0}
    - target: {fileID: 315170370881721850, guid: 6ba8c5f7c19f75c49b9362bb3b6984e6,
        type: 3}
      propertyPath: m_LocalPosition.y
      value: 2
      objectReference: {fileID: 0}
    - target: {fileID: 315170370881721850, guid: 6ba8c5f7c19f75c49b9362bb3b6984e6,
        type: 3}
      propertyPath: m_LocalPosition.z
      value: 0
      objectReference: {fileID: 0}
    - target: {fileID: 315170370881721850, guid: 6ba8c5f7c19f75c49b9362bb3b6984e6,
        type: 3}
      propertyPath: m_LocalRotation.w
      value: 1
      objectReference: {fileID: 0}
    - target: {fileID: 315170370881721850, guid: 6ba8c5f7c19f75c49b9362bb3b6984e6,
        type: 3}
      propertyPath: m_LocalRotation.x
      value: 0
      objectReference: {fileID: 0}
    - target: {fileID: 315170370881721850, guid: 6ba8c5f7c19f75c49b9362bb3b6984e6,
        type: 3}
      propertyPath: m_LocalRotation.y
      value: 0
      objectReference: {fileID: 0}
    - target: {fileID: 315170370881721850, guid: 6ba8c5f7c19f75c49b9362bb3b6984e6,
        type: 3}
      propertyPath: m_LocalRotation.z
      value: 0
      objectReference: {fileID: 0}
    - target: {fileID: 315170370881721850, guid: 6ba8c5f7c19f75c49b9362bb3b6984e6,
        type: 3}
      propertyPath: m_LocalEulerAnglesHint.x
      value: 0
      objectReference: {fileID: 0}
    - target: {fileID: 315170370881721850, guid: 6ba8c5f7c19f75c49b9362bb3b6984e6,
        type: 3}
      propertyPath: m_LocalEulerAnglesHint.y
      value: 0
      objectReference: {fileID: 0}
    - target: {fileID: 315170370881721850, guid: 6ba8c5f7c19f75c49b9362bb3b6984e6,
        type: 3}
      propertyPath: m_LocalEulerAnglesHint.z
      value: 0
      objectReference: {fileID: 0}
    - target: {fileID: 2483920034363229164, guid: 6ba8c5f7c19f75c49b9362bb3b6984e6,
        type: 3}
      propertyPath: m_Name
      value: Moneda (7)
      objectReference: {fileID: 0}
    m_RemovedComponents: []
  m_SourcePrefab: {fileID: 100100000, guid: 6ba8c5f7c19f75c49b9362bb3b6984e6, type: 3}
--- !u!4 &8106436048084573795 stripped
Transform:
  m_CorrespondingSourceObject: {fileID: 315170370881721850, guid: 6ba8c5f7c19f75c49b9362bb3b6984e6,
    type: 3}
  m_PrefabInstance: {fileID: 8367808411846478745}
  m_PrefabAsset: {fileID: 0}
